@book{bacon2003operating,
  title={Operating Systems: Concurrent and Distributed Software Design},
  author={Bacon, J. and Harris, T.},
  isbn={9780321117892},
  lccn={2002038353},
  series={International computer science series},
  url={https://books.google.co.uk/books?id=kkaaH3Q19Z4C},
  year={2003},
  publisher={Addison-Wesley},
}

@article{FreeLunchIsOver,
  added-at = {2008-09-03T09:42:11.000+0200},
  author = {Sutter, Herb},
  biburl = {https://www.bibsonomy.org/bibtex/2215f355123504f02d0ddb1b40292abeb/gron},
  interhash = {1540da30b9424bf778012a96f1192730},
  intrahash = {215f355123504f02d0ddb1b40292abeb},
  journal = {Dr. Dobb’s Journal},
  keywords = {Concurrency PhD Proposal},
  number = 3,
  pages = {202--210},
  timestamp = {2008-09-03T09:42:12.000+0200},
  title = {The Free Lunch Is Over: A Fundamental Turn Toward Concurrency in Software},
  url = {http://www.gotw.ca/publications/concurrency-ddj.htm},
  volume = 30,
  year = 2005
}

@book{ArtMultiprocessorProgramming,
author = {Herlihy, Maurice and Shavit, Nir},
title = {The Art of Multiprocessor Programming},
year = {2008},
isbn = {0123705916},
publisher = {Morgan Kaufmann Publishers Inc.},
address = {San Francisco, CA, USA}
}

@inproceedings{CMT,
author = {Harris, Tim and Marlow, Simon and Peyton-Jones, Simon and Herlihy, Maurice},
title = {Composable Memory Transactions},
year = {2005},
isbn = {1595930809},
publisher = {Association for Computing Machinery},
address = {New York, NY, USA},
url = {https://doi.org/10.1145/1065944.1065952},
doi = {10.1145/1065944.1065952},
booktitle = {Proceedings of the Tenth ACM SIGPLAN Symposium on Principles and Practice of Parallel Programming},
pages = {48–60},
numpages = {13},
keywords = {locks, transactions, non-blocking algorithms},
location = {Chicago, IL, USA},
series = {PPoPP ’05}
}

@article{DCL,
  title={The “double-checked locking is broken” declaration},
  author={Bacon, David and Bloch, Joshua and Bogda, Jeff and Click, Cliff and Haahr, Paul and Lea, Doug and May, Tom and Maessen, Jan-Willem and Mitchell, JD and Nilsen, Kelvin and others},
  url={http://www.cs.umd.edu/~pugh/java/memoryModel/DoubleCheckedLocking.html},
  year={2000}
}